@InProceedings{ICALP:Hansen2020,
  author  = {Hansen, Kristoffer Arnsfelt and SÃ¸lvsten, Steffan Christ},
  title   = {$\exists\R$-Completeness of Stationary Nash Equilibria in Perfect Information Stochastic Games},
  journal = {International Colloquium on Automata, Languages and Programming (ICALP 2020)},
  note    = {submitted},
  volume  = 47,
  year    = 2020,
}

@Article{STTT:bloemen2019,
  title     = {Model checking with generalized Rabin and Fin-less automata},
  author    = {Vincent Bloemen and Alexandre Duret-Lutz and van de Pol, Jaco},
  volume    = 21,
  pages     = {307 -- 324},
  journal   = {International Journal on Software Tools for Technology Transfer},
  publisher = {Springer},
  number    = 3,
  year      = 2019,
  month     = 6,
}

% Notice that this reference is not in the document, because it actually is not referenced!
@InCollection{TGL:Graedel2008,
     title     = {Solution Concepts and Algorithms for Infinite Multiplayer Games},
     author    = {Gr{\"a}del, Erich and Ummels, Michael},
     booktitle = {New Perspectives on Games and Interaction},
     editor    = {Krzysztof Apt and Robert van Rooij},
     pages     = {151 -- 178},
     publisher = {Amsterdam University Press},
     series    = {Texts in Logic and Games},
     volume    = 4,
     year      = 2008,
}

